@article{Matsumoto_1998,
 author = {Matsumoto, Makoto and Nishimura, Takuji},
 title = {Mersenne Twister: A 623-dimensionally Equidistributed Uniform Pseudo-random Number Generator},
 journal = {ACM Trans. Model. Comput. Simul.},
 issue_date = {Jan. 1998},
 volume = {8},
 number = {1},
 month = jan,
 year = {1998},
 issn = {1049-3301},
 pages = {3--30},
 numpages = {28},
 doi = {10.1145/272991.272995},
} 


@article{Purton_2013,
author = {J.A. Purton and J.C. Crabtree and S.C. Parker},
title = {DL\_MONTE: a general purpose program for parallel Monte Carlo simulation},
journal = {Molecular Simulation},
volume = {39},
number = {14-15},
pages = {1240-1252},
year = {2013},
doi = {10.1080/08927022.2013.839871},
}

@article{Yang_2008,
   author = "Yang, Mingcheng and Ma, Hongru",
   title = "Effect of polydispersity on the relative stability of hard-sphere crystals",
   journal = "The Journal of Chemical Physics",
   year = "2008",
   volume = "128",
   number = "13", 
   eid = 134510,
   pages = "",
   doi = "http://dx.doi.org/10.1063/1.2884195" 
}

@article{Marechal_2008,
  title = {Stability of orientationally disordered crystal structures of colloidal hard dumbbells},
  author = {Marechal, Matthieu and Dijkstra, Marjolein},
  journal = {Phys. Rev. E},
  volume = {77},
  issue = {6},
  pages = {061405},
  numpages = {10},
  year = {2008},
  month = {Jun},
  publisher = {American Physical Society},
  doi = {10.1103/PhysRevE.77.061405},
}


@phdthesis{thesis:Jackson,
  author       = {Andrew N. Jackson}, 
  title        = {Structural Phase Behaviour Via Monte Carlo Techniques},
  school       = {University of Edinburgh},
  year         = 2001,
  address      = {Edinburgh, UK},
  month        = August,
}

@article{Fitzgerald_1999,
  author={M. Fitzgerald and R. R. Picard and R. N. Silver},
  title={Canonical transition probabilities for adaptive Metropolis simulation},
  journal={Europhys. Lett.},
  volume={46},
  number={3},
  pages={282},
  year={1999},
}

@article{Mendelev_2007,
Author = {Mendelev, M. I. and Ackland, G. J.},
Title = {{Development of an interatomic potential for the simulation of phase
   transformations in zirconium}},
Journal = {{Phil. Mag. Lett.}},
Year = {{2007}},
Volume = {{87}},
Number = {{5}},
Pages = {{349-359}},
DOI = {{10.1080/09500830701191393}},
}

@article{Daw_1984,
  title = {Embedded-atom method: Derivation and application to impurities, surfaces, and other defects in metals},
  author = {Daw, Murray S. and Baskes, M. I.},
  journal = {Phys. Rev. B},
  volume = {29},
  issue = {12},
  pages = {6443--6453},
  numpages = {0},
  year = {1984},
  month = {Jun},
  publisher = {American Physical Society},
  doi = {10.1103/PhysRevB.29.6443},
}

@article{Iba_2001,
author = {Iba, Yukito},
title = {Extended Ensemble Monte Carlo},
journal = {International Journal of Modern Physics C},
volume = {12},
number = {05},
pages = {623-656},
year = {2001},
doi = {10.1142/S0129183101001912},
}


@article{Bridgwater_2014,
  title = {Lattice-switching Monte Carlo method for crystals of flexible molecules},
  author = {Bridgwater, Sally and Quigley, David},
  journal = {Phys. Rev. E},
  volume = {90},
  issue = {6},
  pages = {063313},
  numpages = {7},
  year = {2014},
  month = {Dec},
  publisher = {American Physical Society},
  doi = {10.1103/PhysRevE.90.063313},
}


@book{book:Frenkel,
 author = {Frenkel, Daan and Smit, Berend},
 title = {Understanding Molecular Simulation},
 year = {2001},
 edition = {2nd},
 publisher = {Academic Press, Inc.},
} 


@article{Sweatman_2015,
author = {Martin B. Sweatman},
title = {Comparison of absolute free energy calculation methods for fluids and solids},
journal = {Molecular Physics},
volume = {113},
number = {9-10},
pages = {1206-1216},
year = {2015},
doi = {10.1080/00268976.2015.1005704},
}

@article{Raiteri_2010,
author = {Raiteri, Paolo and Gale, Julian D. and Quigley, David and Rodger, P. Mark},
title = {Derivation of an Accurate Force-Field for Simulating the Growth of Calcium Carbonate from Aqueous Solution: A New Model for the Calcite−Water Interface},
journal = {The Journal of Physical Chemistry C},
volume = {114},
number = {13},
pages = {5997-6010},
year = {2010},
doi = {10.1021/jp910977a},

}
@article{Bridgewater_2014,
  title = {Lattice-switching Monte Carlo method for crystals of flexible molecules},
  author = {Bridgwater, Sally and Quigley, David},
  journal = {Phys. Rev. E},
  volume = {90},
  issue = {6},
  pages = {063313},
  numpages = {7},
  year = {2014},
  month = {Dec},
  publisher = {American Physical Society},
  doi = {10.1103/PhysRevE.90.063313},
}


@article{Quigley_2014,
   author = "Quigley, D.",
   title = "Communication: Thermodynamics of stacking disorder in ice nuclei",
   journal = "The Journal of Chemical Physics",
   year = "2014",
   volume = "141",
   number = "12", 
   pages = 121101,
   doi = "http://dx.doi.org/10.1063/1.4896376" 
}

@article{Bruce_1997,
  title = {Free Energy of Crystalline Solids: A Lattice-Switch Monte Carlo Method},
  author = {Bruce, A. D. and Wilding, N. B. and Ackland, G. J.},
  journal = {Phys. Rev. Lett.},
  volume = {79},
  issue = {16},
  pages = {3002--3005},
  numpages = {0},
  year = {1997},
  month = {Oct},
  publisher = {American Physical Society},
  doi = {10.1103/PhysRevLett.79.3002},
}

@article{Pronk_1999,
   author = "Pronk, Sander and Frenkel, Daan",
   title = "Can stacking faults in hard-sphere crystals anneal out spontaneously?",
   journal = "J. Chem. Phys.",
   year = "1999",
   volume = "110",
   number = "9", 
   pages = "4589--4592",
   doi = "http://dx.doi.org/10.1063/1.478339" 
}

@article{Mau_1999,
  title = {Stacking entropy of hard-sphere crystals},
  author = {Mau, Siun-Chuon and Huse, David A.},
  journal = {Phys. Rev. E},
  volume = {59},
  issue = {4},
  pages = {4396--4401},
  numpages = {0},
  year = {1999},
  month = {Apr},
  publisher = {American Physical Society},
  doi = {10.1103/PhysRevE.59.4396},
}


@article{Bruce_2000,
  title = {Lattice-switch Monte Carlo method},
  author = {Bruce, A. D. and Jackson, A. N. and Ackland, G. J. and Wilding, N. B.},
  journal = {Phys. Rev. E},
  volume = {61},
  issue = {1},
  pages = {906--919},
  numpages = {0},
  year = {2000},
  month = {Jan},
  publisher = {American Physical Society},
  doi = {10.1103/PhysRevE.61.906},
}

@article{Wilding_2000,
  title = {Freezing by Monte Carlo Phase Switch},
  author = {Wilding, N. B. and Bruce, A. D.},
  journal = {Phys. Rev. Lett.},
  volume = {85},
  issue = {24},
  pages = {5138--5141},
  numpages = {0},
  year = {2000},
  month = {Dec},
  publisher = {American Physical Society},
  doi = {10.1103/PhysRevLett.85.5138},
}


@article{Jackson_2002,
  title = {Lattice-switch Monte Carlo method: Application to soft potentials},
  author = {Jackson, A. N. and Bruce, A. D. and Ackland, G. J.},
  journal = {Phys. Rev. E},
  volume = {65},
  issue = {3},
  pages = {036710},
  numpages = {12},
  year = {2002},
  month = {Mar},
  publisher = {American Physical Society},
  doi = {10.1103/PhysRevE.65.036710},
}

@article{Wilding_2002,
  title = {Phase behavior and thermodynamic anomalies of core-softened fluids},
  author = {Wilding, Nigel B. and Magee, James E.},
  journal = {Phys. Rev. E},
  volume = {66},
  issue = {3},
  pages = {031509},
  numpages = {14},
  year = {2002},
  month = {Sep},
  publisher = {American Physical Society},
  doi = {10.1103/PhysRevE.66.031509},
}


@article{Errington_2004,
   author = "Errington, Jeffrey R.",
   title = "Solid–liquid phase coexistence of the Lennard-Jones system through phase-switch Monte Carlo simulation",
   journal = "J. Chem. Phys.",
   year = "2004",
   volume = "120",
   number = "7", 
   pages = "3130-3141",
   doi = "http://dx.doi.org/10.1063/1.1642591" 
}

@article{Mcneil-Watson_2006,
   author = "McNeil-Watson, Graham C. and Wilding, Nigel B.",
   title = "Freezing line of the Lennard-Jones fluid: A phase switch Monte Carlo study",
   journal = "J. Chem. Phys.",
   year = "2006",
   volume = "124",
   number = "6", 
   pages = 064504,
   doi = "http://dx.doi.org/10.1063/1.2166395" 
}

@article{Jackson_2007,
  title = {Lattice-switch Monte Carlo simulation for binary hard-sphere crystals},
  author = {Jackson, A. N. and Ackland, G. J.},
  journal = {Phys. Rev. E},
  volume = {76},
  issue = {6},
  pages = {066703},
  numpages = {10},
  year = {2007},
  month = {Dec},
  publisher = {American Physical Society},
  doi = {10.1103/PhysRevE.76.066703},
}

@article{Yang_2008,
   author = "Yang, Mingcheng and Ma, Hongru",
   title = "Effect of polydispersity on the relative stability of hard-sphere crystals",
   journal = "J. Chem. Phys.",
   year = "2008",
   volume = "128",
   number = "13", 
   pages = 134510,
   doi = "http://dx.doi.org/10.1063/1.2884195" 
}

@article{Wilding_2009_MP,
author = {Wilding, Nigel B.},
title = {Freezing parameters of soft spheres},
journal = {Mol. Phys.},
volume = {107},
number = {4-6},
pages = {295-299},
year = {2009},
doi = {10.1080/00268970802603507},
}

@article{Wilding_2009_JCP,
   author = "Wilding, Nigel B.",
   title = "Solid-liquid coexistence of polydisperse fluids via simulation",
   journal = "J. Chem. Phys.",
   year = "2009",
   volume = "130",
   number = "10", 
   pages = 104103,
   doi = "http://dx.doi.org/10.1063/1.3081141" 
}

@article{Sollich_2010,
  title = {Crystalline Phases of Polydisperse Spheres},
  author = {Sollich, Peter and Wilding, Nigel B.},
  journal = {Phys. Rev. Lett.},
  volume = {104},
  issue = {11},
  pages = {118302},
  numpages = {4},
  year = {2010},
  month = {Mar},
  publisher = {American Physical Society},
  doi = {10.1103/PhysRevLett.104.118302},
}

@article{Wilding_2010,
   author = "Wilding, Nigel B. and Sollich, Peter",
   title = "Phase behavior of polydisperse spheres: Simulation strategies and an application to the freezing transition",
   journal = "J. Chem. Phys.",
   year = "2010",
   volume = "133",
   number = "22", 
   pages = 224102,
   doi = "http://dx.doi.org/10.1063/1.3510534" 
}

@article{Wilms_2012,
  title = {Transitions between imperfectly ordered crystalline structures: A phase switch Monte Carlo study},
  author = {Wilms, Dorothea and Wilding, Nigel B. and Binder, Kurt},
  journal = {Phys. Rev. E},
  volume = {85},
  issue = {5},
  pages = {056703},
  numpages = {15},
  year = {2012},
  month = {May},
  publisher = {American Physical Society},
  doi = {10.1103/PhysRevE.85.056703},
}

@book{book:Landau_Binder,
author = "David P. Landau and Kurt Binder",
title = {A Guide to Monte Carlo Simulations in Statistical Physics}, 
publisher = {Cambridge University Press}, 
year = {2009},
}

@article{Metropolis_1953,
   author = "Metropolis, Nicholas and Rosenbluth, Arianna W. and Rosenbluth, Marshall N. and Teller, Augusta H. and Teller, Edward",
   title = "Equation of State Calculations by Fast Computing Machines",
   journal = "J. Chem. Phys.",
   year = "1953",
   volume = "21",
   number = "6", 
   pages = "1087-1092",
   doi = "http://dx.doi.org/10.1063/1.1699114" 
}

@book{book:Mittemeijer,
Author = {Mittemeijer, E. J.},
Publisher = {Berlin; London: Springer},
Title = {Fundamentals of materials science},
Year = {2010},
}

@article{Rahman_1984,
year={1984},
journal={Nuovo Cimento D},
volume={4},
number={4},
doi={10.1007/BF02451294},
title={Relative stability of f.c.c. and b.c.c. structures for model systems at high temperatures},
publisher={Kluwer Academic Publishers},
keywords={Phase equilibria, phase transitions, and critical points of specific substances},
author={Rahman, A. and Jacucci, G.},
pages={357-381},
language={English}
}

@article{Berg_1992,
  title = {Multicanonical ensemble: A new approach to simulate first-order phase transitions},
  author = {Berg, Bernd and Neuhaus, Thomas},
  journal = {Phys. Rev. Lett.},
  volume = {68},
  issue = {1},
  pages = {9--12},
  numpages = {4},
  year = {1992},
  month = {Jan},
  publisher = {American Physical Society},
  doi = {10.1103/PhysRevLett.68.9},
}

@article{Berg_1991,
title = "Multicanonical algorithms for first order phase transitions ",
journal = "Phys. Lett. B ",
volume = "267",
number = "2",
pages = "249--253",
year = "1991",
doi = "http://dx.doi.org/10.1016/0370-2693(91)91256-U",
author = "Bernd A. Berg and Thomas Neuhaus",
}


  	
@article{Smith_1995,
  author={G R Smith and A D Bruce},
  title={A study of the multi-canonical Monte Carlo method},
  journal={J. Phys. A: Math. Gen.},
  volume={28},
  number={23},
  pages={6623},
  year={1995},
}
	